@article{kayser,
	title = {Neutrino {Physics}},
	url = {http://arxiv.org/abs/hep-ph/0506165},
	abstract = {Thanks to compelling evidence that neutrinos can change flavor, we now know that they have nonzero masses, and that leptons mix. In these lectures, we explain the physics of neutrino flavor change, both in vacuum and in matter. Then, we describe what the flavor-change data have taught us about neutrinos. Finally, we consider some of the questions raised by the discovery of neutrino mass, explaining why these questions are so interesting, and how they might be answered experimentally,},
	urldate = {2021-05-08},
	journal = {arXiv:hep-ph/0506165},
	author = {Kayser, Boris},
	month = jun,
	year = {2005},
	note = {arXiv: hep-ph/0506165},
	keywords = {High Energy Physics - Phenomenology},
}

@article{jones,
	title = {Neutrino oscillations in a quantum processor},
	author = {Arg\"uelles, C. A. and Jones, B. J. P.},
	journal = {Phys. Rev. Research},
	volume = {1},
	issue = {3},
	pages = {033176},
	numpages = {10},
	year = {2019},
	month = {Dec},
	publisher = {American Physical Society},
	doi = {10.1103/PhysRevResearch.1.033176},
	url = {https://link.aps.org/doi/10.1103/PhysRevResearch.1.033176}
}

@book{Benenti,
	title = {Principles of {Quantum} {Computation} and {Information}: {A} {Comprehensive} {Textbook}},
	isbn = {9789813237223 9789813237230},
	shorttitle = {Principles of {Quantum} {Computation} and {Information}},
	url = {https://www.worldscientific.com/worldscibooks/10.1142/10909},
	language = {en},
	urldate = {2021-05-08},
	publisher = {WORLD SCIENTIFIC},
	author = {Benenti, Giuliano and Casati, Giulio and Rossini, Davide and Strini, Giuliano},
	month = dec,
	year = {2018},
	doi = {10.1142/10909},
}

@book{benenti_principles_2018,
	title = {Principles of {Quantum} {Computation} and {Information}: {A} {Comprehensive} {Textbook}},
	isbn = {9789813237223 9789813237230},
	shorttitle = {Principles of {Quantum} {Computation} and {Information}},
	url = {https://www.worldscientific.com/worldscibooks/10.1142/10909},
	language = {en},
	urldate = {2021-05-08},
	publisher = {WORLD SCIENTIFIC},
	author = {Benenti, Giuliano and Casati, Giulio and Rossini, Davide and Strini, Giuliano},
	month = dec,
	year = {2018},
	doi = {10.1142/10909},
}

@book{nielsen, place={Cambridge}, title={Quantum Computation and Quantum Information: 10th Anniversary Edition}, DOI={10.1017/CBO9780511976667}, publisher={Cambridge University Press}, author={Nielsen, Michael A. and Chuang, Isaac L.}, year={2010}}




@article{blasone2009,
	doi = {10.1209/0295-5075/85/50002},
	url = {https://doi.org/10.1209/0295-5075/85/50002},
	year = 2009,
	month = {mar},
	publisher = {{IOP} Publishing},
	volume = {85},
	number = {5},
	pages = {50002},
	author = {M. Blasone and F. Dell{\textquotesingle}Anno and S. De Siena and F. Illuminati},
	title = {Entanglement in neutrino oscillations},
	journal = {{EPL} (Europhysics Letters)},
	abstract = {Flavor oscillations in elementary particle physics are related to multimode entanglement of single-particle states. We show that mode entanglement can be expressed in terms of flavor transition probabilities, and therefore that single-particle entangled states acquire a precise operational characterization in the context of particle mixing. We treat in detail the physically relevant cases of two- and three-flavor neutrino oscillations, including the effective measure of CP violation. We discuss experimental schemes for the transfer of the quantum information encoded in single-neutrino states to spatially delocalized two-flavor charged-lepton states, thus showing, at least in principle, that single-particle entangled states of neutrino mixing are legitimate physical resources for quantum information tasks.}
}

@article{blasone2014,
	doi = {10.1209/0295-5075/106/30002},
	url = {https://doi.org/10.1209/0295-5075/106/30002},
	year = 2014,
	month = {may},
	publisher = {{IOP} Publishing},
	volume = {106},
	number = {3},
	pages = {30002},
	author = {Massimo Blasone and Fabio Dell{\textquotesingle}Anno and Silvio De Siena and Fabrizio Illuminati},
	title = {A field-theoretical approach to entanglement in neutrino mixing and oscillations},
	journal = {{EPL} (Europhysics Letters)},
	abstract = {The phenomena of particle mixing and flavor oscillations in elementary-particle physics can be addressed from the point of view of quantum information theory, and described in terms of multi-mode entanglement of single-particle states. In this paper we show that such a description can be extended to the domain of quantum field theory, where we uncover a fine structure of quantum correlations associated with multi-mode, multi-particle entanglement. By means of an entanglement measure based on the linear entropies associated with all the possible bipartitions, we analyze the entanglement in the states of flavor neutrinos and antineutrinos. Remarkably, we show that the entanglement is connected with experimentally measurable quantities, i.e. the variances of the lepton numbers and charges.}
}

@article{blasone2008,
  title = {Multipartite entangled states in particle mixing},
  author = {Blasone, M. and Dell'Anno, F. and De Siena, S. and Di Mauro, M. and Illuminati, F.},
  journal = {Phys. Rev. D},
  volume = {77},
  issue = {9},
  pages = {096002},
  numpages = {16},
  year = {2008},
  month = {May},
  publisher = {American Physical Society},
  doi = {10.1103/PhysRevD.77.096002},
  url = {https://link.aps.org/doi/10.1103/PhysRevD.77.096002}
}
@article{blasone2010,
    author = "Blasone, Massimo and Dell'Anno, Fabio and De Siena, Silvio and Illuminati, Fabrizio",
    editor = "Schuch, Dieter and Ramek, Michael",
    title = "{On entanglement in neutrino mixing and oscillations}",
    eprint = "1003.5486",
    archivePrefix = "arXiv",
    primaryClass = "quant-ph",
    doi = "10.1088/1742-6596/237/1/012007",
    journal = "J. Phys. Conf. Ser.",
    volume = "237",
    pages = "012007",
    year = "2010"
}



@article{giunti1991,
	title = {When do neutrinos really oscillate? Quantum mechanics of neutrino oscillations},
	author = {Giunti, C. and Kim, C. W. and Lee, U. W.},
	journal = {Phys. Rev. D},
	volume = {44},
	issue = {11},
	pages = {3635--3640},
	numpages = {0},
	year = {1991},
	month = {Dec},
	publisher = {American Physical Society},
	doi = {10.1103/PhysRevD.44.3635},
	url = {https://link.aps.org/doi/10.1103/PhysRevD.44.3635}
}

@article{giunti1998,
	title = {Coherence of neutrino oscillations in the wave packet approach},
	author = {Giunti, C. and Kim, C. W.},
	journal = {Phys. Rev. D},
	volume = {58},
	issue = {1},
	pages = {017301},
	numpages = {4},
	year = {1998},
	month = {Jun},
	publisher = {American Physical Society},
	doi = {10.1103/PhysRevD.58.017301},
	url = {https://link.aps.org/doi/10.1103/PhysRevD.58.017301}
}

@article{giunti2003,
	title = {Theory of {Neutrino} {Oscillations}},
	url = {http://arxiv.org/abs/hep-ph/0311241},
	abstract = {We review critically the main assumptions on which the standard theory of neutrino oscillations is based. We show that all assumptions are realistic, except the so-called "equal momentum assumption", which however is irrelevant. We conclude that the standard expression for the probability of neutrino oscillations is robust.},
	urldate = {2021-05-08},
	journal = {arXiv:hep-ph/0311241},
	author = {Giunti, Carlo},
	month = feb,
	year = {2004},
	note = {arXiv: hep-ph/0311241},
	keywords = {High Energy Physics - Phenomenology},
}

@article{giunti2004,
	author = "Giunti, C.",
	title = "{Coherence and wave packets in neutrino oscillations}",
	eprint = "hep-ph/0302026",
	archivePrefix = "arXiv",
	doi = "10.1023/B:FOPL.0000019651.53280.31",
	journal = "Found. Phys. Lett.",
	volume = "17",
	pages = "103--124",
	year = "2004"
}

@book{giunti2007,
	author = "Giunti, Carlo and Kim, Chung W.",
	title = "{Fundamentals of Neutrino Physics and Astrophysics}",
	isbn = "978-0-19-850871-7",
	year = "2007"
}

@article{giunti2010,
	title = {No effect of Majorana phases in neutrino oscillations},
	journal = {Physics Letters B},
	volume = {686},
	number = {1},
	pages = {41-43},
	year = {2010},
	issn = {0370-2693},
	doi = {https://doi.org/10.1016/j.physletb.2010.02.020},
	url = {https://www.sciencedirect.com/science/article/pii/S0370269310001942},
	author = {C. Giunti},
	abstract = {It is shown that the Majorana phases of the neutrino mixing matrix cannot have any effect in neutrino oscillations, contrary to the argument presented in arXiv:0912.5266. It is also shown that in a chargedâ€“current weak interaction process it is not possible to create a coherent superposition of different flavor neutrinos which is independent of the associated charged leptons.}
}

@article{stodolsky,
	title = {When the wavepacket is unnecessary},
	author = {Stodolsky, L.},
	journal = {Phys. Rev. D},
	volume = {58},
	issue = {3},
	pages = {036006},
	numpages = {5},
	year = {1998},
	month = {Jul},
	publisher = {American Physical Society},
	doi = {10.1103/PhysRevD.58.036006},
	url = {https://link.aps.org/doi/10.1103/PhysRevD.58.036006}
}

@article{lipkin,
	author = "Lipkin, Harry J.",
	title = "{Stodolsky's theorem and neutrino oscillation phases for pedestrians}",
	eprint = "hep-ph/0212093",
	archivePrefix = "arXiv",
	reportNumber = "ANL-HEP-TR-02-119",
	doi = "10.2172/808429",
	month = "12",
	year = "2002"
}

@article{obkun,
	author = "Okun, L. B. and Schepkin, M. G. and Tsukerman, I. S.",
	title = "{On the extra factor of two in the phase of neutrino oscillations}",
	eprint = "hep-ph/0211241",
	archivePrefix = "arXiv",
	doi = "10.1016/S0550-3213(02)01037-4",
	journal = "Nucl. Phys. B",
	volume = "650",
	pages = "443--446",
	year = "2003",
	note = "[Erratum: Nucl.Phys.B 656, 255--255 (2003)]"
}


@article{zyla,
	author = "Zyla, P.A. and others",
	collaboration = "Particle Data Group",
	title = "{Review of Particle Physics}",
	doi = "10.1093/ptep/ptaa104",
	journal = "PTEP",
	volume = "2020",
	number = "8",
	pages = "083C01",
	year = "2020"
}

@article{estaban,
	author = "Esteban, Ivan and Gonzalez-Garcia, M. C. and Hernandez-Cabezudo, Alvaro and Maltoni, Michele and Schwetz, Thomas",
	title = "{Global analysis of three-flavour neutrino oscillations: synergies and tensions in the determination of $\theta_{23}$, $\delta_{CP}$, and the mass ordering}",
	eprint = "1811.05487",
	archivePrefix = "arXiv",
	primaryClass = "hep-ph",
	reportNumber = "IFT-UAM/CSIC-18-112, YITP-SB-18-34",
	doi = "10.1007/JHEP01(2019)106",
	journal = "JHEP",
	volume = "01",
	pages = "106",
	year = "2019"
}


@article{Eugichi,
	title = {First Results from KamLAND: Evidence for Reactor Antineutrino Disappearance},
	author = "Eguchi, K. and others",
	collaboration = {KamLAND Collaboration},
	journal = {Phys. Rev. Lett.},
	volume = {90},
	issue = {2},
	pages = {021802},
	numpages = {6},
	year = {2003},
	month = {Jan},
	publisher = {American Physical Society},
	doi = {10.1103/PhysRevLett.90.021802},
	url = {https://link.aps.org/doi/10.1103/PhysRevLett.90.021802}
}

@mastersthesis{Iwamoto,
	author = "Iwamoto, Toshiyuki",
	title = "{Measurement of Reactor Anti-Neutrino Disappearance in KamLAND}",
	type = "Other thesis",
	month = "2",
	year = "2003"
}


@article{Aartsen,
  title = {Search for nonstandard neutrino interactions with IceCube DeepCore},
  author = {Aartsen,M.G and others},
  collaboration = {IceCube Collaboration},
  journal = {Phys. Rev. D},
  volume = {97},
  issue = {7},
  pages = {072009},
  numpages = {10},
  year = {2018},
  month = {Apr},
  publisher = {American Physical Society},
  doi = {10.1103/PhysRevD.97.072009},
  url = {https://link.aps.org/doi/10.1103/PhysRevD.97.072009}
}

@article{lloyd,
	title = {Universal {Quantum} {Simulators}},
	volume = {273},
	issn = {0036-8075, 1095-9203},
	url = {https://www.sciencemag.org/lookup/doi/10.1126/science.273.5278.1073},
	doi = {10.1126/science.273.5278.1073},
	language = {en},
	number = {5278},
	urldate = {2021-05-09},
	journal = {Science},
	author = {Lloyd, S.},
	month = aug,
	year = {1996},
	pages = {1073--1078},
}

@article{mbpt,
	author = {Bartlett, R J},
	title = {Many-Body Perturbation Theory and Coupled Cluster Theory for Electron Correlation in Molecules},
	journal = {Annual Review of Physical Chemistry},
	volume = {32},
	number = {1},
	pages = {359-401},
	year = {1981},
	doi = {10.1146/annurev.pc.32.100181.002043},
	URL = {https://doi.org/10.1146/annurev.pc.32.100181.002043},
	eprint = {https://doi.org/10.1146/annurev.pc.32.100181.002043}
	
}

@article{dft,
	author = {Argaman,Nathan  and Makov,Guy },
	title = {Density functional theory: An introduction},
	journal = {American Journal of Physics},
	volume = {68},
	number = {1},
	pages = {69-79},
	year = {2000},
	doi = {10.1119/1.19375},
	URL = { https://doi.org/10.1119/1.19375},
	eprint = {https://doi.org/10.1119/1.19375}
}	


@article{troyer,
	title = {Computational Complexity and Fundamental Limitations to Fermionic Quantum Monte Carlo Simulations},
	author = {Troyer, Matthias and Wiese, Uwe-Jens},
	journal = {Phys. Rev. Lett.},
	volume = {94},
	issue = {17},
	pages = {170201},
	numpages = {4},
	year = {2005},
	month = {May},
	publisher = {American Physical Society},
	doi = {10.1103/PhysRevLett.94.170201},
	url = {https://link.aps.org/doi/10.1103/PhysRevLett.94.170201}
}

@article{feynman82,
	title = {Simulating physics with computers},
	volume = {21},
	issn = {0020-7748, 1572-9575},
	url = {http://link.springer.com/10.1007/BF02650179},
	doi = {10.1007/BF02650179},
	language = {en},
	number = {6-7},
	urldate = {2021-05-09},
	journal = {International Journal of Theoretical Physics},
	author = {Feynman, Richard P.},
	month = jun,
	year = {1982},
	pages = {467--488},
}
@article{monte,
	title = {Quantum Monte Carlo methods and general decomposition theory of exponential operators and symplectic integrators},
	journal = {Physica A: Statistical Mechanics and its Applications},
	volume = {205},
	number = {1},
	pages = {65-79},
	year = {1994},
	issn = {0378-4371},
	doi = {https://doi.org/10.1016/0378-4371(94)90491-X},
	url = {https://www.sciencedirect.com/science/article/pii/037843719490491X},
	author = {Masuo Suzuki},
	abstract = {The present paper reviews briefly the basic ideas of the quantum Monte Carlo methods, the general decomposition theory of ordered exponentials and symplectic integrators.}
}

@article{georgescu,
	title = {Quantum simulation},
	author = {Georgescu, I. M. and Ashhab, S. and Nori, Franco},
	journal = {Rev. Mod. Phys.},
	volume = {86},
	issue = {1},
	pages = {153--185},
	numpages = {33},
	year = {2014},
	month = {Mar},
	publisher = {American Physical Society},
	doi = {10.1103/RevModPhys.86.153},
	url = {https://link.aps.org/doi/10.1103/RevModPhys.86.153}
}
@article{mcdonald,
	title = {Solving the {Solar} {Neutrino} {Problem}},
	volume = {288},
	issn = {0036-8733},
	url = {https://www.scientificamerican.com/article/solving-the-solar-neutrin},
	doi = {10.1038/scientificamerican0403-40},
	number = {4},
	urldate = {2021-05-10},
	journal = {Scientific American},
	author = {McDonald, Arthur B. and Klein, Joshua R. and Wark, David L.},
	month = apr,
	year = {2003},
	pages = {40--49},
}

@article{ray,
	title = {Search for Neutrinos from the Sun},
	author = {Davis, Raymond and Harmer, Don S. and Hoffman, Kenneth C.},
	journal = {Phys. Rev. Lett.},
	volume = {20},
	issue = {21},
	pages = {1205--1209},
	numpages = {0},
	year = {1968},
	month = {May},
	publisher = {American Physical Society},
	doi = {10.1103/PhysRevLett.20.1205},
	url = {https://link.aps.org/doi/10.1103/PhysRevLett.20.1205}
}

@article{ponte57,
	author = "Pontecorvo, B.",
	title = "{Mesonium and anti-mesonium}",
	journal = "Sov. Phys. JETP",
	volume = "6",
	pages = "429",
	year = "1957"
}
@article{ponte68,
	author = "Pontecorvo, B.",
	title = "{Neutrino Experiments and the Problem of Conservation of Leptonic Charge}",
	journal = "Zh. Eksp. Teor. Fiz.",
	volume = "53",
	pages = "1717--1725",
	year = "1967"
}
@article{maki,
	author = "Maki, Ziro and Nakagawa, Masami and Sakata, Shoichi",
	title = "{Remarks on the unified model of elementary particles}",
	doi = "10.1143/PTP.28.870",
	journal = "Prog. Theor. Phys.",
	volume = "28",
	pages = "870--880",
	year = "1962"
}
@article{rozema,
  title = {Quantum Data Compression of a Qubit Ensemble},
  author = {Rozema, Lee A. and Mahler, Dylan H. and Hayat, Alex and Turner, Peter S. and Steinberg, Aephraim M.},
  journal = {Phys. Rev. Lett.},
  volume = {113},
  issue = {16},
  pages = {160504},
  numpages = {5},
  year = {2014},
  month = {Oct},
  publisher = {American Physical Society},
  doi = {10.1103/PhysRevLett.113.160504},
  url = {https://link.aps.org/doi/10.1103/PhysRevLett.113.160504}
}

@article{lidar,
  title = {Simulating Ising spin glasses on a quantum computer},
  author = {Lidar, Daniel A. and Biham, Ofer},
  journal = {Phys. Rev. E},
  volume = {56},
  issue = {3},
  pages = {3661--3681},
  numpages = {0},
  year = {1997},
  month = {Sep},
  publisher = {American Physical Society},
  doi = {10.1103/PhysRevE.56.3661},
  url = {https://link.aps.org/doi/10.1103/PhysRevE.56.3661}
}
@article{meyer,
	title = {Quantum computing classical physics},
	volume = {360},
	issn = {1364-503X, 1471-2962},
	url = {https://royalsocietypublishing.org/doi/10.1098/rsta.2001.0936},
	doi = {10.1098/rsta.2001.0936},
	language = {en},
	number = {1792},
	urldate = {2021-05-11},
	journal = {Philosophical Transactions of the Royal Society of London. Series A: Mathematical, Physical and Engineering Sciences},
	author = {Meyer, David A.},
	editor = {Coveney, P. V. and Succi, S.},
	month = mar,
	year = {2002},
	pages = {395--405},
}

@article{sinha,
	title = {Quantum computing algorithm for electromagnetic field simulation},
	volume = {9},
	issn = {1570-0755, 1573-1332},
	url = {http://link.springer.com/10.1007/s11128-009-0133-x},
	doi = {10.1007/s11128-009-0133-x},
	language = {en},
	number = {3},
	urldate = {2021-05-11},
	journal = {Quantum Information Processing},
	author = {Sinha, Siddhartha and Russer, Peter},
	month = jun,
	year = {2010},
	pages = {385--404},
}

@article{aspuru,
	title = {Simulated {Quantum} {Computation} of {Molecular} {Energies}},
	volume = {309},
	issn = {0036-8075, 1095-9203},
	url = {https://www.sciencemag.org/lookup/doi/10.1126/science.1113479},
	doi = {10.1126/science.1113479},
	language = {en},
	number = {5741},
	urldate = {2021-05-11},
	journal = {Science},
	author = {Aspuru-Guzik, A.},
	month = sep,
	year = {2005},
	pages = {1704--1707},
}

@article{abrams,
	title = {Quantum {Algorithm} {Providing} {Exponential} {Speed} {Increase} for {Finding} {Eigenvalues} and {Eigenvectors}},
	volume = {83},
	issn = {0031-9007, 1079-7114},
	url = {https://link.aps.org/doi/10.1103/PhysRevLett.83.5162},
	doi = {10.1103/PhysRevLett.83.5162},
	language = {en},
	number = {24},
	urldate = {2021-05-11},
	journal = {Physical Review Letters},
	author = {Abrams, Daniel S. and Lloyd, Seth},
	month = dec,
	year = {1999},
	pages = {5162--5165},
}
@article{clark,
  title = {Resource requirements for fault-tolerant quantum simulation: The ground state of the transverse Ising model},
  author = {Clark, Craig R. and Metodi, Tzvetan S. and Gasster, Samuel D. and Brown, Kenneth R.},
  journal = {Phys. Rev. A},
  volume = {79},
  issue = {6},
  pages = {062314},
  numpages = {9},
  year = {2009},
  month = {Jun},
  publisher = {American Physical Society},
  doi = {10.1103/PhysRevA.79.062314},
  url = {https://link.aps.org/doi/10.1103/PhysRevA.79.062314}
}
@Article{brown,
AUTHOR = {Brown, Katherine L. and Munro, William J. and Kendon, Vivien M.},
TITLE = {Using Quantum Computers for Quantum Simulation},
JOURNAL = {Entropy},
VOLUME = {12},
YEAR = {2010},
NUMBER = {11},
PAGES = {2268--2307},
URL = {https://www.mdpi.com/1099-4300/12/11/2268},
ISSN = {1099-4300},
ABSTRACT = {Numerical simulation of quantum systems is crucial to further our understanding of natural phenomena. Many systems of key interest and importance, in areas such as superconducting materials and quantum chemistry, are thought to be described by models which we cannot solve with sufficient accuracy, neither analytically nor numerically with classical computers. Using a quantum computer to simulate such quantum systems has been viewed as a key application of quantum computation from the very beginning of the field in the 1980s. Moreover, useful results beyond the reach of classical computation are expected to be accessible with fewer than a hundred qubits, making quantum simulation potentially one of the earliest practical applications of quantum computers. In this paper we survey the theoretical and experimental development of quantum simulation using quantum computers, from the first ideas to the intense research efforts currently underway.},
DOI = {10.3390/e12112268}
}
@article{somaroo,
	title = {Principles and {Demonstrations} of {Quantum} {Information} {Processing} by {NMR} {Spectroscopy}},
	volume = {10},
	issn = {0938-1279, 1432-0622},
	url = {http://link.springer.com/10.1007/s002000050135},
	doi = {10.1007/s002000050135},
	number = {4-5},
	urldate = {2021-05-12},
	journal = {Applicable Algebra in Engineering, Communication and Computing},
	author = {Havel, T. F. and Somaroo, S. S. and Tseng, C.-H. and Cory, D. G.},
	month = may,
	year = {2000},
	pages = {339--374},
}

@article{bell,
  title = {On the Einstein Podolsky Rosen paradox},
  author = {Bell, J. S.},
  journal = {Physics Physique Fizika},
  volume = {1},
  issue = {3},
  pages = {195--200},
  numpages = {6},
  year = {1964},
  month = {Nov},
  publisher = {American Physical Society},
  doi = {10.1103/PhysicsPhysiqueFizika.1.195},
  url = {https://link.aps.org/doi/10.1103/PhysicsPhysiqueFizika.1.195}
}
@article{epr,
  title = {Can Quantum-Mechanical Description of Physical Reality Be Considered Complete?},
  author = {Einstein, A. and Podolsky, B. and Rosen, N.},
  journal = {Phys. Rev.},
  volume = {47},
  issue = {10},
  pages = {777--780},
  numpages = {0},
  year = {1935},
  month = {May},
  publisher = {American Physical Society},
  doi = {10.1103/PhysRev.47.777},
  url = {https://link.aps.org/doi/10.1103/PhysRev.47.777}
}
@article{vanenk2006,
  title = {Reply to ``Comment on `Single-particle entanglement' ''},
  author = {van Enk, S. J.},
  journal = {Phys. Rev. A},
  volume = {74},
  issue = {2},
  pages = {026302},
  numpages = {3},
  year = {2006},
  month = {Aug},
  publisher = {American Physical Society},
  doi = {10.1103/PhysRevA.74.026302},
  url = {https://link.aps.org/doi/10.1103/PhysRevA.74.026302}
}
\@article{vanenk2005,
  title = {Single-particle entanglement},
  author = {van Enk, S. J.},
  journal = {Phys. Rev. A},
  volume = {72},
  issue = {6},
  pages = {064306},
  numpages = {3},
  year = {2005},
  month = {Dec},
  publisher = {American Physical Society},
  doi = {10.1103/PhysRevA.72.064306},
  url = {https://link.aps.org/doi/10.1103/PhysRevA.72.064306}
}
@article{vanenk2003,
  title = {Entanglement of electromagnetic fields},
  author = {van Enk, S. J.},
  journal = {Phys. Rev. A},
  volume = {67},
  issue = {2},
  pages = {022303},
  numpages = {4},
  year = {2003},
  month = {Feb},
  publisher = {American Physical Society},
  doi = {10.1103/PhysRevA.67.022303},
  url = {https://link.aps.org/doi/10.1103/PhysRevA.67.022303}
}
@article{cirac,
  title = {Density Matrix Renormalization Group and Periodic Boundary Conditions: A Quantum Information Perspective},
  author = {Verstraete, F. and Porras, D. and Cirac, J. I.},
  journal = {Phys. Rev. Lett.},
  volume = {93},
  issue = {22},
  pages = {227205},
  numpages = {4},
  year = {2004},
  month = {Nov},
  publisher = {American Physical Society},
  doi = {10.1103/PhysRevLett.93.227205},
  url = {https://link.aps.org/doi/10.1103/PhysRevLett.93.227205}
}
@article{temme2011,
	title = {Quantum {Metropolis} sampling},
	volume = {471},
	issn = {0028-0836, 1476-4687},
	url = {http://www.nature.com/articles/nature09770},
	doi = {10.1038/nature09770},
	language = {en},
	number = {7336},
	urldate = {2021-05-17},
	journal = {Nature},
	author = {Temme, K. and Osborne, T. J. and Vollbrecht, K. G. and Poulin, D. and Verstraete, F.},
	month = mar,
	year = {2011},
	pages = {87--90},
}

@article{bennet96,
  title = {Concentrating partial entanglement by local operations},
  author = {Bennett, Charles H. and Bernstein, Herbert J. and Popescu, Sandu and Schumacher, Benjamin},
  journal = {Phys. Rev. A},
  volume = {53},
  issue = {4},
  pages = {2046--2052},
  numpages = {0},
  year = {1996},
  month = {Apr},
  publisher = {American Physical Society},
  doi = {10.1103/PhysRevA.53.2046},
  url = {https://link.aps.org/doi/10.1103/PhysRevA.53.2046}
}

@article{bennet96b,
  title = {Purification of Noisy Entanglement and Faithful Teleportation via Noisy Channels},
  author = {Bennett, Charles H. and Brassard, Gilles and Popescu, Sandu and Schumacher, Benjamin and Smolin, John A. and Wootters, William K.},
  journal = {Phys. Rev. Lett.},
  volume = {76},
  issue = {5},
  pages = {722--725},
  numpages = {0},
  year = {1996},
  month = {Jan},
  publisher = {American Physical Society},
  doi = {10.1103/PhysRevLett.76.722},
  url = {https://link.aps.org/doi/10.1103/PhysRevLett.76.722}
}
@article{lombardi,
  title = {Teleportation of a Vacuum--One-Photon Qubit},
  author = {Lombardi, Egilberto and Sciarrino, Fabio and Popescu, Sandu and De Martini, Francesco},
  journal = {Phys. Rev. Lett.},
  volume = {88},
  issue = {7},
  pages = {070402},
  numpages = {4},
  year = {2002},
  month = {Jan},
  publisher = {American Physical Society},
  doi = {10.1103/PhysRevLett.88.070402},
  url = {https://link.aps.org/doi/10.1103/PhysRevLett.88.070402}
}

@article{lee,
	title = {Quantum cryptography using single-particle entanglement},
	volume = {68},
	issn = {1050-2947, 1094-1622},
	url = {https://link.aps.org/doi/10.1103/PhysRevA.68.012324},
	doi = {10.1103/PhysRevA.68.012324},
	language = {en},
	number = {1},
	urldate = {2021-05-18},
	journal = {Physical Review A},
	author = {Lee, Jae-Weon and Lee, Eok Kyun and Chung, Yong Wook and Lee, Hai-Woong and Kim, Jaewan},
	month = jul,
	year = {2003},
	pages = {012324},
}


@article{hessmo,
	title = {Experimental {Demonstration} of {Single} {Photon} {Nonlocality}},
	volume = {92},
	issn = {0031-9007, 1079-7114},
	url = {https://link.aps.org/doi/10.1103/PhysRevLett.92.180401},
	doi = {10.1103/PhysRevLett.92.180401},
	language = {en},
	number = {18},
	urldate = {2021-05-18},
	journal = {Physical Review Letters},
	author = {Hessmo, BjÃ¶rn and Usachev, Pavel and Heydari, Hoshang and BjÃ¶rk, Gunnar},
	month = may,
	year = {2004},
	pages = {180401},
}

@article{aspect82a,
  title = {Experimental Realization of Einstein-Podolsky-Rosen-Bohm Gedankenexperiment: A New Violation of Bell's Inequalities},
  author = {Aspect, Alain and Grangier, Philippe and Roger, G\'erard},
  journal = {Phys. Rev. Lett.},
  volume = {49},
  issue = {2},
  pages = {91--94},
  numpages = {0},
  year = {1982},
  month = {Jul},
  publisher = {American Physical Society},
  doi = {10.1103/PhysRevLett.49.91},
  url = {https://link.aps.org/doi/10.1103/PhysRevLett.49.91}
}
@article{aspect82b,
  title = {Experimental Test of Bell's Inequalities Using Time-Varying Analyzers},
  author = {Aspect, Alain and Dalibard, Jean and Roger, G\'erard},
  journal = {Phys. Rev. Lett.},
  volume = {49},
  issue = {25},
  pages = {1804--1807},
  numpages = {0},
  year = {1982},
  month = {Dec},
  publisher = {American Physical Society},
  doi = {10.1103/PhysRevLett.49.1804},
  url = {https://link.aps.org/doi/10.1103/PhysRevLett.49.1804}
}
@article{popsecu97,
  title = {Thermodynamics and the measure of entanglement},
  author = {Popescu, Sandu and Rohrlich, Daniel},
  journal = {Phys. Rev. A},
  volume = {56},
  issue = {5},
  pages = {R3319--R3321},
  numpages = {0},
  year = {1997},
  month = {Nov},
  publisher = {American Physical Society},
  doi = {10.1103/PhysRevA.56.R3319},
  url = {https://link.aps.org/doi/10.1103/PhysRevA.56.R3319}
}
@article{wootters,
	title = {Entanglement of formation and concurrence},
	volume = {1},
	issn = {15337146, 15337146},
	url = {http://www.rintonpress.com/journals/doi/QIC1.1-3.html},
	doi = {10.26421/QIC1.1-3},
	abstract = {This paper reviews our current understanding of entanglement of formation and the related concept of concurrence, including discussions of additivity, the problem of finding explicit formulas, and connections between concurrence and other propertis of bipartite states.},
	number = {1},
	urldate = {2021-05-19},
	journal = {Quantum Information and Computation},
	author = {Wootters, William K.},
	month = jul,
	year = {2001},
	pages = {27--44},
}
@article{bennet96c,
    author = "Bennett, Charles H. and DiVincenzo, David P. and Smolin, John A. and Wootters, William K.",
    title = "{Mixed state entanglement and quantum error correction}",
    eprint = "quant-ph/9604024",
    archivePrefix = "arXiv",
    doi = "10.1103/PhysRevA.54.3824",
    journal = "Phys. Rev. A",
    volume = "54",
    pages = "3824--3851",
    year = "1996"
}
@article{horodecki,
  title = {Quantum entanglement},
  author = {Horodecki, Ryszard and Horodecki, Pawe\l{} and Horodecki, Micha\l{} and Horodecki, Karol},
  journal = {Rev. Mod. Phys.},
  volume = {81},
  issue = {2},
  pages = {865--942},
  numpages = {0},
  year = {2009},
  month = {Jun},
  publisher = {American Physical Society},
  doi = {10.1103/RevModPhys.81.865},
  url = {https://link.aps.org/doi/10.1103/RevModPhys.81.865}
}
@article{amico,
  title = {Entanglement in many-body systems},
  author = {Amico, Luigi and Fazio, Rosario and Osterloh, Andreas and Vedral, Vlatko},
  journal = {Rev. Mod. Phys.},
  volume = {80},
  issue = {2},
  pages = {517--576},
  numpages = {0},
  year = {2008},
  month = {May},
  publisher = {American Physical Society},
  doi = {10.1103/RevModPhys.80.517},
  url = {https://link.aps.org/doi/10.1103/RevModPhys.80.517}
}

@article{brennen,
	title = {An observable measure of entanglement for pure states of multi-qubit systems},
	url = {http://arxiv.org/abs/quant-ph/0305094},
	abstract = {Recently, Meyer and Wallach [D.A. Meyer and N.R. Wallach (2002), J. of Math. Phys., 43, pp. 4273] proposed a measure of multi-qubit entanglement that is a function on pure states. We find that this function can be interpreted as a physical quantity related to the average purity of the constituent qubits and show how it can be observed in an efficient manner without the need for full quantum state tomography. A possible realization is described for measuring the entanglement of a chain of atomic qubits trapped in a 3D optical lattice.},
	urldate = {2021-05-20},
	journal = {arXiv:quant-ph/0305094},
	author = {Brennen, Gavin K.},
	month = nov,
	year = {2003},
	note = {arXiv: quant-ph/0305094},
	keywords = {Quantum Physics},
}
@article{mini,
  title = {Significant Excess of Electronlike Events in the MiniBooNE Short-Baseline Neutrino Experiment},
  author = {Aguilar-Arevalo, A. A. and Brown, B. C. and Bugel, L. and Cheng, G. and others},
  collaboration = {MiniBooNE Collaboration},
  journal = {Phys. Rev. Lett.},
  volume = {121},
  issue = {22},
  pages = {221801},
  numpages = {7},
  year = {2018},
  month = {Nov},
  publisher = {American Physical Society},
  doi = {10.1103/PhysRevLett.121.221801},
  url = {https://link.aps.org/doi/10.1103/PhysRevLett.121.221801}
}
@article{daya,
  title = {Search for a Light Sterile Neutrino at Daya Bay},
  author = {An, F. P. and Balantekin, A. B. and Band, H. R. and others},
  collaboration = {Daya Bay Collaboration},
  journal = {Phys. Rev. Lett.},
  volume = {113},
  issue = {14},
  pages = {141802},
  numpages = {7},
  year = {2014},
  month = {Oct},
  publisher = {American Physical Society},
  doi = {10.1103/PhysRevLett.113.141802},
  url = {https://link.aps.org/doi/10.1103/PhysRevLett.113.141802}
}
@article{kubra,
	author = {Yeter-Aydeniz, K\"ubra and Bangar, Shikha and Siopsis, George and Pooser, Raphael C.},
	title = "{Collective Neutrino Oscillations on a Quantum Computer}",
	eprint = "2104.03273",
	archivePrefix = "arXiv",
	primaryClass = "quant-ph",
	month = "4",
	year = "2021"
}

@article{hall,
	title = {Simulation of {Collective} {Neutrino} {Oscillations} on a {Quantum} {Computer}},
	url = {http://arxiv.org/abs/2102.12556},
	abstract = {In astrophysical scenarios with large neutrino density, like supernovae and the early universe, the presence of neutrino-neutrino interactions can give rise to collective flavor oscillations in the out-of-equilibrium collective dynamics of a neutrino cloud. The role of quantum correlations in these phenomena is not yet well understood, in large part due to complications in solving for the real-time evolution of the strongly coupled many-body system. Future fault-tolerant quantum computers hold the promise to overcome much of these limitations and provide direct access to the correlated neutrino dynamic. In this work, we present the first simulation of a small system of interacting neutrinos using current generation quantum devices. We introduce a strategy to overcome limitations in the natural connectivity of the qubits and use it to track the evolution of entanglement in real-time. The results show the critical importance of error-mitigation techniques to extract meaningful results for entanglement measures using noisy, near term, quantum devices.},
	urldate = {2021-06-10},
	journal = {arXiv:2102.12556 [hep-th, physics:nucl-th, physics:quant-ph]},
	author = {Hall, Benjamin and Roggero, Alessandro and Baroni, Alessandro and Carlson, Joseph},
	month = feb,
	year = {2021},
	note = {arXiv: 2102.12556},
	keywords = {Quantum Physics, High Energy Physics - Theory, Nuclear Theory},
}
